@article{RR98,
 author = {Reiter, Michael K. and Rubin, Aviel D.},
 title = {Crowds: anonymity for Web transactions},
 journal = {ACM Trans. Inf. Syst. Secur.},
 volume = {1},
 issue = {1},
 month = {November},
 year = {1998},
 issn = {1094-9224},
 pages = {66--92},
 numpages = {27},
 url = {http://doi.acm.org/10.1145/290163.290168},
 doi = {http://doi.acm.org/10.1145/290163.290168},
 acmid = {290168},
 publisher = {ACM},
 address = {New York, NY, USA},
 keywords = {anonymous communication, world-wide-web},
}

@article{Chaum81,
 author = {Chaum, David L.},
 title = {Untraceable electronic mail, return addresses, and digital pseudonyms},
 journal = {Commun. ACM},
 volume = {24},
 issue = {2},
 month = {February},
 year = {1981},
 issn = {0001-0782},
 pages = {84--90},
 numpages = {7},
 url = {http://doi.acm.org/10.1145/358549.358563},
 doi = {http://doi.acm.org/10.1145/358549.358563},
 acmid = {358563},
 publisher = {ACM},
 address = {New York, NY, USA},
 keywords = {digital signatures, electronic mail, privacy, public key cryptosystems, security, traffic analysis},
} 

@article{PW87,
title = "Networks without user observability",
journal = "Computers \& Security",
volume = "6",
number = "2",
pages = "158 - 166",
year = "1987",
note = "",
issn = "0167-4048",
doi = "10.1016/0167-4048(87)90087-3",
url = "http://www.sciencedirect.com/science/article/pii/0167404887900873",
author = "Andreas Pfitzmann and Michael Waidner",
keywords = "Traffic analysis",
keywords = "User observability",
keywords = "Anonymity",
keywords = "Fault-tolerance",
keywords = "ISDN",
keywords = "MIX-network",
keywords = "DC-network",
keywords = "RING- network",
keywords = "Switched/broadcast network"
}

@techreport{xia,
	author = "Ashok Anand and Fahad Dogar and Dongsu Han and Boyan Li and Hyeontaek Lim and Michel Machadoy and Wenfei Wu and Aditya Akella and David Andersen and John Byersy and Srinivasan Seshan and Peter Steenkiste",
	institution = "Department of Computer Science, Carnegie Mellon University",
	title = "{XIA}: An Architecture for an Evolvable and Trustworthy Internet",
	number = "CMU-CS-11-100",
	month = "February",
	year = "2011"
}