@inproceedings{user-study,
    author  = "Ruogu Kang and Sara Kiesler and Peter Kinnaird and Colleen Stuart and Laura Dabbish",
    title   = "Perceptions about Anonymity on the Internet",
    year    = 2011
}

@techreport{xia,
	author = "Ashok Anand and Fahad Dogar and Dongsu Han and Boyan Li and Hyeontaek Lim and Michel Machado and Wenfei Wu and Aditya Akella and David Andersen and John Byersy and Srinivasan Seshan and Peter Steenkiste",
	institution = "Department of Computer Science, Carnegie Mellon University",
	title = "{XIA}: An Architecture for an Evolvable and Trustworthy Internet",
	number = "CMU-CS-11-100",
	month = "February",
	year = "2011"
}

@incollection {terminology,
   author = {Pfitzmann, Andreas and K\"{o}hntopp, Marit},
   affiliation = {Dresden University of Technology Department of Computer Science D-01062 Dresden Germany},
   title = {Anonymity, Unobservability, and Pseudonymity \textemdash~A Proposal for Terminology},
   booktitle = {Designing Privacy Enhancing Technologies},
   series = {Lecture Notes in Computer Science},
   editor = {Federrath, Hannes},
   publisher = {Springer Berlin / Heidelberg},
   isbn = {978-3-540-41724-8},
   keyword = {Computer Science},
   pages = {1-9},
   volume = {2009},
   year = {2001}
}